@misc{ccrov, title={{{CCROV-The First Underwater Drone with a 4K Camera}}}, url={https://www.indiegogo.com/projects/ccrov-the-first-underwater-drone-with-a-4k-camera/}, journal={{{Indiegogo}}}, year={2016}, month={Oct}}

@misc{fathomone, title={{{Fathom One | The Affordable, Modular, HD Underwater Drone}}}, url={https://www.kickstarter.com/projects/1359605477/fathom-one-the-affordable-modular-hd-underwater-dr}, journal={{{Kickstarter}}}, year={2016}, month={Sep}}

@misc{trident, title={{{OpenROV Trident - An Underwater Drone for Everyone}}}, url={https://www.kickstarter.com/projects/openrov/openrov-trident-an-underwater-drone-for-everyone}, journal={{{Kickstarter}}}, year={2016}, month={Sep}}

@misc{sputnik, title={{{Sputnik 1}}}, url={http://nssdc.gsfc.nasa.gov/nmc/spacecraftdisplay.do?id=1957-001b}, journal={{{NASA Space Science Data Coordinated Archive}}}, publisher={{{National Aeronautics and Space Administration}}}}

@misc{minerals, title={{{Ocean Resources}}}, url={http://marinebio.org/oceans/ocean-resources/}, journal={{{MarineBio Conservation Society ~ Marine Biology, Ocean Life Conservation, Sea creatures, Biodiversity, Research...}}}, publisher={{{MarineBio Conservation Society}}}}

@book{padi, place={Rancho Santa Margarita, CA}, title={{{The Encyclopedia of Recreational Diving}}}, publisher={{{PADI}}}, author={Alex Brylske and Harry Averill and Karl Shreeves}, year={2008}}

@misc{oceaneering, title={{{ROV Services Rate Schedule: Gulf of Mexico}}}, url={http://www.oceaneering.com/oceandocuments/rates/rov-americasregion.pdf}, journal={{{Oceaneering}}}, publisher={{{Oceaneering International, Inc.}}}, year={2012}, month={Jan}}

@misc{natgeo, title={{{Scientists Seek New Medicines From the Ocean}}}, url={http://news.nationalgeographic.com/news/2001/08/0807_wireseamed1.html}, journal={{{National Geographic}}}, publisher={{{National Geographic Society}}}, author={Kay, Sharon}, year={2001}, month={Aug}}

@misc{oe_rov, title={{{MagnumÂ® Plus Spec Sheet}}}, url={http://www.oceaneering.com/oceandocuments/brochures/rov/rov - magnum plus.pdf}, journal={{{Oceaneering}}}, publisher={{{Oceaneering International, Inc.}}}, year={2016}}

@misc{oe_crew, title={{{ROV Personnel and Training - Oceaneering}}}, url={http://www.oceaneering.com/rovs/rov-personnel-and-training/}, journal={{{Oceaneering}}}, publisher={{{Oceaneering International, Inc.}}}}